<collection xmlns="http://www.loc.gov/MARC21/slim"><record><leader>00864nam  2200265   450</leader><controlfield tag="001">699</controlfield><controlfield tag="003">http://montalegre.opacnet.com/OPAC/default.aspx?ContentAreaControl=ShowRegHoldings.ascx&amp;RegNo=16662</controlfield><controlfield tag="005">20</controlfield><datafield tag="010" ind1=" " ind2=" "><subfield code="a">972-8473-14-1</subfield></datafield><datafield tag="021" ind1=" " ind2=" "><subfield code="a">PT</subfield><subfield code="b">134557/99</subfield></datafield><datafield tag="100" ind1=" " ind2=" "><subfield code="a">20020619d1999    c  y0pory010305  ba</subfield></datafield><datafield tag="101" ind1="0" ind2=" "><subfield code="a">por</subfield></datafield><datafield tag="102" ind1=" " ind2=" "><subfield code="a">PT</subfield></datafield><datafield tag="200" ind1="1" ind2=" "><subfield code="a">&lt;O &gt;rei lambão</subfield><subfield code="f">José Vaz</subfield><subfield code="g">il. Adelino Barroso</subfield></datafield><datafield tag="210" ind1=" " ind2=" "><subfield code="a">Canelas</subfield><subfield code="c">Gailivro</subfield><subfield code="d">1999</subfield></datafield><datafield tag="215" ind1=" " ind2=" "><subfield code="a">45 p.</subfield><subfield code="c">il.</subfield><subfield code="d">27 cm</subfield></datafield><datafield tag="225" ind1="2" ind2=" "><subfield code="a">Ilha mágica</subfield></datafield><datafield tag="606" ind1=" " ind2=" "><subfield code="a">Literatura portuguesa</subfield><subfield code="2">Autoridade</subfield><subfield code="3">PT-----------2012041710390005598</subfield></datafield><datafield tag="608" ind1=" " ind2=" "><subfield code="a">Teatro</subfield><subfield code="2">Autoridade</subfield><subfield code="3">PT9999-00-10-2009040123590005391</subfield></datafield><datafield tag="675" ind1=" " ind2=" "><subfield code="a">821.134.3-2</subfield></datafield><datafield tag="675" ind1=" " ind2=" "><subfield code="a">087.5</subfield></datafield><datafield tag="700" ind1=" " ind2="1"><subfield code="a">Vaz</subfield><subfield code="b">José</subfield><subfield code="f">1940-</subfield></datafield><datafield tag="702" ind1=" " ind2="1"><subfield code="a">Barroso</subfield><subfield code="b">Adelino</subfield><subfield code="4">440</subfield></datafield><datafield tag="801" ind1=" " ind2="0"><subfield code="a">PT</subfield><subfield code="b">Biblioteca Municipal de Montalegre</subfield><subfield code="g">RPC</subfield></datafield><datafield tag="856" ind1=" " ind2=" "><subfield code="u">locateMedia.asp?cod=20060525155314&amp;ext=jpg</subfield><subfield code="z">CAPA</subfield></datafield><datafield tag="909" ind1="&#9;" ind2=" "><subfield code="a">1</subfield></datafield><datafield tag="966" ind1=" " ind2=" "><subfield code="a">0015366</subfield><subfield code="l">BMM</subfield><subfield code="s">SI 821.134.3-2 VAZ rei</subfield></datafield></record></collection>